[gd_scene load_steps=7 format=2]

[ext_resource path="res://maps/HouseMap.tscn" type="PackedScene" id=1]
[ext_resource path="res://actors/Player.tscn" type="PackedScene" id=2]
[ext_resource path="res://Game.gd" type="Script" id=3]
[ext_resource path="res://ui/DialogBox.tscn" type="PackedScene" id=4]
[ext_resource path="res://assets/people/ewa.png" type="Texture" id=5]
[ext_resource path="res://ui/Fade.tscn" type="PackedScene" id=6]

[node name="Game" type="Node2D"]
script = ExtResource( 3 )

[node name="Map" parent="." instance=ExtResource( 1 )]

[node name="Player" parent="." instance=ExtResource( 2 )]
position = Vector2( 288, 240 )
sprite_texture = ExtResource( 5 )

[node name="Camera2D" type="Camera2D" parent="Player"]
current = true

[node name="CanvasLayer" type="CanvasLayer" parent="."]

[node name="DialogBox" parent="CanvasLayer" instance=ExtResource( 4 )]
visible = false

[node name="Fade" parent="CanvasLayer" instance=ExtResource( 6 )]
[connection signal="dismissed" from="CanvasLayer/DialogBox" to="." method="_on_DialogBox_dismissed"]
