[gd_scene load_steps=7 format=2]

[ext_resource path="res://ui/theme.tres" type="Theme" id=1]
[ext_resource path="res://ui/DialogBox.gd" type="Script" id=2]
[ext_resource path="res://assets/ui/misc.png" type="Texture" id=3]
[ext_resource path="res://ui/ChoicePanel.tscn" type="PackedScene" id=4]

[sub_resource type="Animation" id=1]
length = 0.8
loop = true
tracks/0/type = "value"
tracks/0/path = NodePath("ArrowSprite:position")
tracks/0/interp = 1
tracks/0/loop_wrap = true
tracks/0/imported = false
tracks/0/enabled = true
tracks/0/keys = {
"times": PoolRealArray( 0, 0.4 ),
"transitions": PoolRealArray( 0.5, 0.5 ),
"update": 0,
"values": [ Vector2( 160, 176 ), Vector2( 160, 174 ) ]
}
tracks/1/type = "value"
tracks/1/path = NodePath("ArrowSprite:visible")
tracks/1/interp = 1
tracks/1/loop_wrap = true
tracks/1/imported = false
tracks/1/enabled = true
tracks/1/keys = {
"times": PoolRealArray( 0 ),
"transitions": PoolRealArray( 1 ),
"update": 1,
"values": [ true ]
}

[sub_resource type="Animation" id=2]
length = 0.001
tracks/0/type = "value"
tracks/0/path = NodePath("ArrowSprite:visible")
tracks/0/interp = 1
tracks/0/loop_wrap = true
tracks/0/imported = false
tracks/0/enabled = true
tracks/0/keys = {
"times": PoolRealArray( 0 ),
"transitions": PoolRealArray( 1 ),
"update": 1,
"values": [ false ]
}

[node name="DialogBox" type="Control"]
anchor_right = 1.0
anchor_bottom = 1.0
theme = ExtResource( 1 )
script = ExtResource( 2 )
__meta__ = {
"_edit_use_anchors_": false
}

[node name="VBoxContainer" type="VBoxContainer" parent="."]
anchor_right = 1.0
anchor_bottom = 1.0
rect_min_size = Vector2( 0, 32 )
size_flags_vertical = 9
custom_constants/separation = 2
__meta__ = {
"_edit_use_anchors_": false
}

[node name="Spacer" type="Control" parent="VBoxContainer"]
margin_right = 320.0
margin_bottom = 113.0
size_flags_vertical = 3

[node name="HBoxContainer" type="HBoxContainer" parent="VBoxContainer"]
margin_top = 115.0
margin_right = 320.0
margin_bottom = 138.0

[node name="NamePanel" type="PanelContainer" parent="VBoxContainer/HBoxContainer"]
margin_right = 36.0
margin_bottom = 23.0
size_flags_horizontal = 0
size_flags_vertical = 8

[node name="NameLabel" type="Label" parent="VBoxContainer/HBoxContainer/NamePanel"]
margin_left = 5.0
margin_top = 5.0
margin_right = 31.0
margin_bottom = 18.0
text = "Name"

[node name="Spacer" type="Control" parent="VBoxContainer/HBoxContainer"]
margin_left = 40.0
margin_right = 320.0
margin_bottom = 23.0
size_flags_horizontal = 3

[node name="ChoicePanel" parent="VBoxContainer/HBoxContainer" instance=ExtResource( 4 )]
visible = false
margin_left = 282.0
margin_right = 320.0
margin_bottom = 48.0

[node name="MessagePanel" type="PanelContainer" parent="VBoxContainer"]
margin_top = 140.0
margin_right = 320.0
margin_bottom = 180.0
rect_min_size = Vector2( 0, 40 )
size_flags_vertical = 9

[node name="MessageLabel" type="RichTextLabel" parent="VBoxContainer/MessagePanel"]
margin_left = 5.0
margin_top = 5.0
margin_right = 315.0
margin_bottom = 35.0
text = "Line 1
Line 2"
scroll_active = false

[node name="ArrowSprite" type="Sprite" parent="."]
visible = false
position = Vector2( 160, 176 )
texture = ExtResource( 3 )
region_enabled = true
region_rect = Rect2( 2, 7, 12, 8 )

[node name="AnimationPlayer" type="AnimationPlayer" parent="."]
autoplay = "HideArrow"
anims/BounceArrow = SubResource( 1 )
anims/HideArrow = SubResource( 2 )

[node name="Tween" type="Tween" parent="."]
[connection signal="chosen" from="VBoxContainer/HBoxContainer/ChoicePanel" to="." method="_on_ChoicePanel_chosen"]
[connection signal="tween_all_completed" from="Tween" to="." method="_on_Tween_tween_all_completed"]
